%% This BibTeX bibliography file was created using BibDesk.
%% http://bibdesk.sourceforge.net/


%% Created for tegtmeye at 2013-09-12 18:15:14 -0400 


%% Saved with string encoding Unicode (UTF-8) 



@article{IEEE-1057-2007,
	Abstract = { In this paper, the terminology and test methods for describing the performance of waveform recorders are presented.
},
	Author = {{Waveform Generation, Measurements and Analysis Committee}},
	Date-Added = {2013-09-12 21:37:41 +0000},
	Date-Modified = {2013-09-12 21:37:41 +0000},
	Doi = {10.1109/IEEESTD.2008.4494996},
	Journal = {IEEE Std 1057-2007 (Revision of IEEE 1057-1994)},
	Keywords = {IEEE standard;digitizing waveform recorder;effective bit number;frequency response;sine fitting;step pulse response;test methods;total harmonic distortion;transitions level;IEEE standards;harmonic distortion;recorders;signal processing equipment;testing;wave analysers;},
	Month = {4},
	Pages = {c1 -142},
	Title = {IEEE Standard for Digitizing Waveform Recorders},
	Year = {2008},
	Bdsk-File-1 = {YnBsaXN0MDDUAQIDBAUGJCVYJHZlcnNpb25YJG9iamVjdHNZJGFyY2hpdmVyVCR0b3ASAAGGoKgHCBMUFRYaIVUkbnVsbNMJCgsMDRBWJGNsYXNzV05TLmtleXNaTlMub2JqZWN0c4AHog4PgAKAA6IREoAEgAVccmVsYXRpdmVQYXRoWWFsaWFzRGF0YV8Qki4uLy4uLy4uL2JpYnRleC9iaWIvd2lhbWFuL1BhcGVycy9XYXZlZm9ybSBHZW5lcmF0aW9uLCBNZWFzdXJlbWVudHMgYW5kIEFuYWx5c2lzIENvbW1pdHRlZS8yMDA4SUVFRSBTdGFuZGFyZCBmb3IgRGlnaXRpemluZyBXYXZlZm9ybSBSZWNvcmRlcnMucGRm0gkXGBlXTlMuZGF0YYAGTxEC1gAAAAAC1gACAAAMTWFjaW50b3NoIEhEAAAAAAAAAAAAAAAAAAAAxvIdvEgrAAAAt/4XHzIwMDhJRUVFIFN0YW5kYXJkIGZvI0I3RkUxOC5wZGYAAAAAAAAAAAAAAAAAAAAAAAAAAAAAAAAAAAAAAAAAAAC3/hjMUEjfAAAAAAAAAAAAAwAGAAAJIAAAAAAAAAAAAAAAAAAAAB9XYXZlZm9ybSBHZW5lcmF0aW9uLCBNZWEjQjdGRTE3AAAQAAgAAMbyVfwAAAARAAgAAMxQgR8AAAABACQAt/4XAIrNLwC1bhUAisrmALVuCQC1bgcAaLlxAGisiAAAkZ8AAgCLTWFjaW50b3NoIEhEOlVzZXJzOgB0ZWd0bWV5ZToATGlicmFyeToAdGV4bWY6AGJpYnRleDoAYmliOgB3aWFtYW46AFBhcGVyczoAV2F2ZWZvcm0gR2VuZXJhdGlvbiwgTWVhI0I3RkUxNzoAMjAwOElFRUUgU3RhbmRhcmQgZm8jQjdGRTE4LnBkZgAADgBwADcAMgAwADAAOABJAEUARQBFACAAUwB0AGEAbgBkAGEAcgBkACAAZgBvAHIAIABEAGkAZwBpAHQAaQB6AGkAbgBnACAAVwBhAHYAZQBmAG8AcgBtACAAUgBlAGMAbwByAGQAZQByAHMALgBwAGQAZgAPABoADABNAGEAYwBpAG4AdABvAHMAaAAgAEgARAASAKZVc2Vycy90ZWd0bWV5ZS9MaWJyYXJ5L3RleG1mL2JpYnRleC9iaWIvd2lhbWFuL1BhcGVycy9XYXZlZm9ybSBHZW5lcmF0aW9uLCBNZWFzdXJlbWVudHMgYW5kIEFuYWx5c2lzIENvbW1pdHRlZS8yMDA4SUVFRSBTdGFuZGFyZCBmb3IgRGlnaXRpemluZyBXYXZlZm9ybSBSZWNvcmRlcnMucGRmABMAAS8AABUAAgAP//8AANIbHB0eWiRjbGFzc25hbWVYJGNsYXNzZXNdTlNNdXRhYmxlRGF0YaMdHyBWTlNEYXRhWE5TT2JqZWN00hscIiNcTlNEaWN0aW9uYXJ5oiIgXxAPTlNLZXllZEFyY2hpdmVy0SYnVHJvb3SAAQAIABEAGgAjAC0AMgA3AEAARgBNAFQAXABnAGkAbABuAHAAcwB1AHcAhACOASMBKAEwATIEDAQRBBwEJQQzBDcEPgRHBEwEWQRcBG4EcQR2AAAAAAAAAgEAAAAAAAAAKAAAAAAAAAAAAAAAAAAABHg=},
	Bdsk-Url-1 = {http://dx.doi.org/10.1109/IEEESTD.2008.4494996}}

@techreport{DOD5000.59-M-1998,
	Abstract = {This Maunual is issued under the authority of DoD Directive 5000.59, "DoD Modeling and Simulation (M&S) Management, " January 4, 1994. ITs purpose is to prescribe a uniform glossary of modeling and simulation (M&S) terminology for use throughout the Department of Defense. In addition to the main glossary of terms, theis Manual includes a list of M&S-related abbreviations acronymsm, and initials commonly used within the Department of Defense.},
	Address = {1901 N. Beauregard Street, Suite 510, Alexandrea, Virginia 22311-1705},
	Author = {{Under Secretary of Defense for Acquisition Technology}},
	Date-Added = {2013-03-19 18:54:07 +0000},
	Date-Modified = {2013-03-19 18:54:07 +0000},
	Institution = {Defense Modeling and Simulation Office},
	Keywords = {DoD acronyms; DoD glossary},
	Month = {Jan},
	Title = {DoD Modeling and Simulation (M&S) Glossary},
	Year = {1998},
	Bdsk-File-1 = {YnBsaXN0MDDUAQIDBAUGJCVYJHZlcnNpb25YJG9iamVjdHNZJGFyY2hpdmVyVCR0b3ASAAGGoKgHCBMUFRYaIVUkbnVsbNMJCgsMDRBWJGNsYXNzV05TLmtleXNaTlMub2JqZWN0c4AHog4PgAKAA6IREoAEgAVccmVsYXRpdmVQYXRoWWFsaWFzRGF0YV8Qii4uLy4uLy4uL2JpYnRleC9iaWIvd2lhbWFuL1BhcGVycy9VbmRlciBTZWNyZXRhcnkgb2YgRGVmZW5zZSBmb3IgQWNxdWlzaXRpb24gVGVjaG5vbG9neS8xOTk4RG9EIE1vZGVsaW5nIGFuZCBTaW11bGF0aW9uIChNJlMpIEdsb3NzYXJ5LnBkZtIJFxgZV05TLmRhdGGABk8RAsQAAAAAAsQAAgAADE1hY2ludG9zaCBIRAAAAAAAAAAAAAAAAAAAAMbyHbxIKwAAALiV7R8xOTk4RG9EIE1vZGVsaW5nIGFuZCNCODkzNUIucGRmAAAAAAAAAAAAAAAAAAAAAAAAAAAAAAAAAAAAAAAAAAAAuJNbzFVDggAAAAAAAAAAAAMABgAACSAAAAAAAAAAAAAAAAAAAAAfVW5kZXIgU2VjcmV0YXJ5IG9mIERlZmVuI0I4OTVFRAAAEAAIAADG8lX8AAAAEQAIAADMVXvCAAAAAQAkALiV7QCKzS8AtW4VAIrK5gC1bgkAtW4HAGi5cQBorIgAAJGfAAIAi01hY2ludG9zaCBIRDpVc2VyczoAdGVndG1leWU6AExpYnJhcnk6AHRleG1mOgBiaWJ0ZXg6AGJpYjoAd2lhbWFuOgBQYXBlcnM6AFVuZGVyIFNlY3JldGFyeSBvZiBEZWZlbiNCODk1RUQ6ADE5OThEb0QgTW9kZWxpbmcgYW5kI0I4OTM1Qi5wZGYAAA4AZgAyADEAOQA5ADgARABvAEQAIABNAG8AZABlAGwAaQBuAGcAIABhAG4AZAAgAFMAaQBtAHUAbABhAHQAaQBvAG4AIAAoAE0AJgBTACkAIABHAGwAbwBzAHMAYQByAHkALgBwAGQAZgAPABoADABNAGEAYwBpAG4AdABvAHMAaAAgAEgARAASAJ5Vc2Vycy90ZWd0bWV5ZS9MaWJyYXJ5L3RleG1mL2JpYnRleC9iaWIvd2lhbWFuL1BhcGVycy9VbmRlciBTZWNyZXRhcnkgb2YgRGVmZW5zZSBmb3IgQWNxdWlzaXRpb24gVGVjaG5vbG9neS8xOTk4RG9EIE1vZGVsaW5nIGFuZCBTaW11bGF0aW9uIChNJlMpIEdsb3NzYXJ5LnBkZgATAAEvAAAVAAIAD///AADSGxwdHlokY2xhc3NuYW1lWCRjbGFzc2VzXU5TTXV0YWJsZURhdGGjHR8gVk5TRGF0YVhOU09iamVjdNIbHCIjXE5TRGljdGlvbmFyeaIiIF8QD05TS2V5ZWRBcmNoaXZlctEmJ1Ryb290gAEACAARABoAIwAtADIANwBAAEYATQBUAFwAZwBpAGwAbgBwAHMAdQB3AIQAjgEbASABKAEqA/ID9wQCBAsEGQQdBCQELQQyBD8EQgRUBFcEXAAAAAAAAAIBAAAAAAAAACgAAAAAAAAAAAAAAAAAAARe}}

@book{office2011united,
	Abstract = {As the official handbook of the Federal Government, The United States Government Manual provides comprehensive information on the agencies of the legislative, judicial, and executive branches. The Manual also includes information on quasi- official agencies; international organizations in which the United States participates; and boards, commissions, and committees.

A typical agency description includes a list of principal officials, a summary statement of the agency's purpose and role in the Federal Government, a brief history of the agency, including its legislative or executive authority, a description of its programs and activities, and a ``Sources of Information'' section. This last section provides information on consumer activities, contracts and grants, employment, publications, and many other areas of public interest.

The Manual is also currently available and periodically updated on its own website. The U.S. Government Manual website (usgovernmentmanual.gov) is jointly administered by the Office of the Federal Register (OFR)/Government Printing Office (GPO) partnership. The website offers three ways to find information about Government agencies and organizations by entering a term in the keyword search box, browsing categories, or using ``The Government of the United States'' site map for an overview of the Government.

The 2011 Manual was prepared by the Presidential and Legislative Publications Unit, Office of the Federal Register. Alfred W. Jones was Managing Editor; Matthew R. Regan was Chief Editor, assisted by Heather McDaniel, Lois Davis, Joseph Frankovic, Martin Franks, Joshua Liberatore, and Joseph Vetter.},
	Author = {{Office of the Federal Register}},
	Date-Added = {2013-03-19 18:53:53 +0000},
	Date-Modified = {2013-03-19 18:53:53 +0000},
	Keywords = {acronym},
	Publisher = {{National Archives and Records Administration}},
	Title = {The United States Government Manual},
	Year = {2011},
	Bdsk-File-1 = {YnBsaXN0MDDUAQIDBAUGJCVYJHZlcnNpb25YJG9iamVjdHNZJGFyY2hpdmVyVCR0b3ASAAGGoKgHCBMUFRYaIVUkbnVsbNMJCgsMDRBWJGNsYXNzV05TLmtleXNaTlMub2JqZWN0c4AHog4PgAKAA6IREoAEgAVccmVsYXRpdmVQYXRoWWFsaWFzRGF0YV8Qni4uLy4uLy4uL2JpYnRleC9iaWIvd2lhbWFuL1BhcGVycy9PZmZpY2Ugb2YgdGhlIEZlZGVyYWwgUmVnaXN0ZXIgTmF0aW9uYWwgQXJjaGl2ZXMgYW5kIFJlY29yZHMgQWRtaW5pc3RyYXRpb24vMjAxMVRoZSBVbml0ZWQgU3RhdGVzIEdvdmVybm1lbnQgTWFudWFsIDIwMTEucGRm0gkXGBlXTlMuZGF0YYAGTxEC1AAAAAAC1AACAAAMTWFjaW50b3NoIEhEAAAAAAAAAAAAAAAAAAAAxvIdvEgrAAAAuixtHzIwMTFUaGUgVW5pdGVkIFN0YXRlI0JBMkFFRC5wZGYAAAAAAAAAAAAAAAAAAAAAAAAAAAAAAAAAAAAAAAAAAAC6Ku3MYC6XAAAAAAAAAAAAAwAGAAAJIAAAAAAAAAAAAAAAAAAAAB9PZmZpY2Ugb2YgdGhlIEZlZGVyYWwgUmUjQkEyQzZEAAAQAAgAAMbyVfwAAAARAAgAAMxgZtcAAAABACQAuixtAIrNLwC1bhUAisrmALVuCQC1bgcAaLlxAGisiAAAkZ8AAgCLTWFjaW50b3NoIEhEOlVzZXJzOgB0ZWd0bWV5ZToATGlicmFyeToAdGV4bWY6AGJpYnRleDoAYmliOgB3aWFtYW46AFBhcGVyczoAT2ZmaWNlIG9mIHRoZSBGZWRlcmFsIFJlI0JBMkM2RDoAMjAxMVRoZSBVbml0ZWQgU3RhdGUjQkEyQUVELnBkZgAADgBiADAAMgAwADEAMQBUAGgAZQAgAFUAbgBpAHQAZQBkACAAUwB0AGEAdABlAHMAIABHAG8AdgBlAHIAbgBtAGUAbgB0ACAATQBhAG4AdQBhAGwAIAAyADAAMQAxAC4AcABkAGYADwAaAAwATQBhAGMAaQBuAHQAbwBzAGgAIABIAEQAEgCyVXNlcnMvdGVndG1leWUvTGlicmFyeS90ZXhtZi9iaWJ0ZXgvYmliL3dpYW1hbi9QYXBlcnMvT2ZmaWNlIG9mIHRoZSBGZWRlcmFsIFJlZ2lzdGVyIE5hdGlvbmFsIEFyY2hpdmVzIGFuZCBSZWNvcmRzIEFkbWluaXN0cmF0aW9uLzIwMTFUaGUgVW5pdGVkIFN0YXRlcyBHb3Zlcm5tZW50IE1hbnVhbCAyMDExLnBkZgATAAEvAAAVAAIAD///AADSGxwdHlokY2xhc3NuYW1lWCRjbGFzc2VzXU5TTXV0YWJsZURhdGGjHR8gVk5TRGF0YVhOU09iamVjdNIbHCIjXE5TRGljdGlvbmFyeaIiIF8QD05TS2V5ZWRBcmNoaXZlctEmJ1Ryb290gAEACAARABoAIwAtADIANwBAAEYATQBUAFwAZwBpAGwAbgBwAHMAdQB3AIQAjgEvATQBPAE+BBYEGwQmBC8EPQRBBEgEUQRWBGMEZgR4BHsEgAAAAAAAAAIBAAAAAAAAACgAAAAAAAAAAAAAAAAAAASC}}

@manual{MILHDBK-1908B-2004,
	Abstract = {This handbook defines terms frequently used in human factors standardization documents by providing common meanings of such terms to ensure that they will be interpreted consistently and in the manner intended.},
	Author = {{U.S. Department of Defense}},
	Date-Added = {2013-03-19 18:53:51 +0000},
	Date-Modified = {2013-03-19 18:53:51 +0000},
	Keywords = {DoD acronyms; DoD glossary; Human factors engineering},
	Month = {June},
	Organization = {Aviation and Missile Command},
	Title = {MIL-HDBK-1908, Definitions of Human Factors Terms},
	Year = {2004},
	Bdsk-File-1 = {YnBsaXN0MDDUAQIDBAUGJCVYJHZlcnNpb25YJG9iamVjdHNZJGFyY2hpdmVyVCR0b3ASAAGGoKgHCBMUFRYaIVUkbnVsbNMJCgsMDRBWJGNsYXNzV05TLmtleXNaTlMub2JqZWN0c4AHog4PgAKAA6IREoAEgAVccmVsYXRpdmVQYXRoWWFsaWFzRGF0YV8Qdi4uLy4uLy4uL2JpYnRleC9iaWIvd2lhbWFuL1BhcGVycy9VLlMuIERlcGFydG1lbnQgb2YgRGVmZW5zZS8yMDA0TUlMLUhEQkstMTkwOCwgRGVmaW5pdGlvbnMgb2YgSHVtYW4gRmFjdG9ycyBUZXJtcy5QREbSCRcYGVdOUy5kYXRhgAZPEQKyAAAAAAKyAAIAAAxNYWNpbnRvc2ggSEQAAAAAAAAAAAAAAAAAAADG8h28SCsAAACzUG0fMjAwNE1JTC1IREJLLTE5MDgsIEQjQjhBMkY2LlBERgAAAAAAAAAAAAAAAAAAAAAAAAAAAAAAAAAAAAAAAAAAALii9sxVh+UAAAAAAAAAAAADAAYAAAkgAAAAAAAAAAAAAAAAAAAAGlUuUy4gRGVwYXJ0bWVudCBvZiBEZWZlbnNlABAACAAAxvJV/AAAABEACAAAzFXAJQAAAAEAJACzUG0Ais0vALVuFQCKyuYAtW4JALVuBwBouXEAaKyIAACRnwACAIZNYWNpbnRvc2ggSEQ6VXNlcnM6AHRlZ3RtZXllOgBMaWJyYXJ5OgB0ZXhtZjoAYmlidGV4OgBiaWI6AHdpYW1hbjoAUGFwZXJzOgBVLlMuIERlcGFydG1lbnQgb2YgRGVmZW5zZToAMjAwNE1JTC1IREJLLTE5MDgsIEQjQjhBMkY2LlBERgAOAHQAOQAyADAAMAA0AE0ASQBMAC0ASABEAEIASwAtADEAOQAwADgALAAgAEQAZQBmAGkAbgBpAHQAaQBvAG4AcwAgAG8AZgAgAEgAdQBtAGEAbgAgAEYAYQBjAHQAbwByAHMAIABUAGUAcgBtAHMALgBQAEQARgAPABoADABNAGEAYwBpAG4AdABvAHMAaAAgAEgARAASAIpVc2Vycy90ZWd0bWV5ZS9MaWJyYXJ5L3RleG1mL2JpYnRleC9iaWIvd2lhbWFuL1BhcGVycy9VLlMuIERlcGFydG1lbnQgb2YgRGVmZW5zZS8yMDA0TUlMLUhEQkstMTkwOCwgRGVmaW5pdGlvbnMgb2YgSHVtYW4gRmFjdG9ycyBUZXJtcy5QREYAEwABLwAAFQACAA///wAA0hscHR5aJGNsYXNzbmFtZVgkY2xhc3Nlc11OU011dGFibGVEYXRhox0fIFZOU0RhdGFYTlNPYmplY3TSGxwiI1xOU0RpY3Rpb25hcnmiIiBfEA9OU0tleWVkQXJjaGl2ZXLRJidUcm9vdIABAAgAEQAaACMALQAyADcAQABGAE0AVABcAGcAaQBsAG4AcABzAHUAdwCEAI4BBwEMARQBFgPMA9ED3APlA/MD9wP+BAcEDAQZBBwELgQxBDYAAAAAAAACAQAAAAAAAAAoAAAAAAAAAAAAAAAAAAAEOA==}}

@techreport{DODJP1-02-2010,
	Abstract = {The Joint Publication 1-02, Department of Defense Dictionary of Military and Associated Terms sets forth standard US military and associated terminology to encompass the joint activity of the Armed Forces of the United States. These military and associated terms, together with their definitions, constitute approved Department of Defense (DOD) terminology for general use by all DOD components.

This publication supplements standard English-language dictionaries and standardizes military and associated terminology to improve communication and mutual understanding within DOD, with other federal agencies, and among the United States and its allies.

This publication applies to the Office of the Secretary of Defense, the Services, the Joint Staff, combatant commands, DOD agencies, and all other DOD components. It is the primary terminology source when preparing correspondence, to include policy, strategy, doctrine, and planning documents. Criteria for inclusion of terminology in JP 1-02 is enumerated in Department of Defense Instruction (DODI) 5025.12, Standardization of Military and Associated Terminology, and Chairman of the Joint Chiefs of Staff Instruction (CJCSI) 5705.01, Standardization of Military and Associated Terminology.
},
	Author = {{Joint Education and Doctrine Division, J-7, Joint Staff}},
	Date-Added = {2013-03-19 18:53:48 +0000},
	Date-Modified = {2013-03-19 18:53:48 +0000},
	Institution = {{Joint Education and Doctrine Division, J-7, Joint Staff}},
	Keywords = {DoD acronyms; DoD glossary},
	Month = {November},
	Number = {12},
	Title = {DOD Dictionary of Military and Associated Terms},
	Year = {2010},
	Bdsk-File-1 = {YnBsaXN0MDDUAQIDBAUGJCVYJHZlcnNpb25YJG9iamVjdHNZJGFyY2hpdmVyVCR0b3ASAAGGoKgHCBMUFRYaIVUkbnVsbNMJCgsMDRBWJGNsYXNzV05TLmtleXNaTlMub2JqZWN0c4AHog4PgAKAA6IREoAEgAVccmVsYXRpdmVQYXRoWWFsaWFzRGF0YV8QkS4uLy4uLy4uL2JpYnRleC9iaWIvd2lhbWFuL1BhcGVycy9Kb2ludCBFZHVjYXRpb24gYW5kIERvY3RyaW5lIERpdmlzaW9uLCBKLTcsIEpvaW50IFN0YWZmLzIwMTBET0QgRGljdGlvbmFyeSBvZiBNaWxpdGFyeSBhbmQgQXNzb2NpYXRlZCBUZXJtcy5wZGbSCRcYGVdOUy5kYXRhgAZPEQLWAAAAAALWAAIAAAxNYWNpbnRvc2ggSEQAAAAAAAAAAAAAAAAAAADG8h28SCsAAAC4l4wfMjAxMERPRCBEaWN0aW9uYXJ5IG8jQjg5Nzg5LnBkZgAAAAAAAAAAAAAAAAAAAAAAAAAAAAAAAAAAAAAAAAAAALiXicxVT+0AAAAAAAAAAAADAAYAAAkgAAAAAAAAAAAAAAAAAAAAH0pvaW50IEVkdWNhdGlvbiBhbmQgRG9jdCNCODk3OEMAABAACAAAxvJV/AAAABEACAAAzFWILQAAAAEAJAC4l4wAis0vALVuFQCKyuYAtW4JALVuBwBouXEAaKyIAACRnwACAItNYWNpbnRvc2ggSEQ6VXNlcnM6AHRlZ3RtZXllOgBMaWJyYXJ5OgB0ZXhtZjoAYmlidGV4OgBiaWI6AHdpYW1hbjoAUGFwZXJzOgBKb2ludCBFZHVjYXRpb24gYW5kIERvY3QjQjg5NzhDOgAyMDEwRE9EIERpY3Rpb25hcnkgbyNCODk3ODkucGRmAAAOAHAANwAyADAAMQAwAEQATwBEACAARABpAGMAdABpAG8AbgBhAHIAeQAgAG8AZgAgAE0AaQBsAGkAdABhAHIAeQAgAGEAbgBkACAAQQBzAHMAbwBjAGkAYQB0AGUAZAAgAFQAZQByAG0AcwAuAHAAZABmAA8AGgAMAE0AYQBjAGkAbgB0AG8AcwBoACAASABEABIApVVzZXJzL3RlZ3RtZXllL0xpYnJhcnkvdGV4bWYvYmlidGV4L2JpYi93aWFtYW4vUGFwZXJzL0pvaW50IEVkdWNhdGlvbiBhbmQgRG9jdHJpbmUgRGl2aXNpb24sIEotNywgSm9pbnQgU3RhZmYvMjAxMERPRCBEaWN0aW9uYXJ5IG9mIE1pbGl0YXJ5IGFuZCBBc3NvY2lhdGVkIFRlcm1zLnBkZgAAEwABLwAAFQACAA///wAA0hscHR5aJGNsYXNzbmFtZVgkY2xhc3Nlc11OU011dGFibGVEYXRhox0fIFZOU0RhdGFYTlNPYmplY3TSGxwiI1xOU0RpY3Rpb25hcnmiIiBfEA9OU0tleWVkQXJjaGl2ZXLRJidUcm9vdIABAAgAEQAaACMALQAyADcAQABGAE0AVABcAGcAaQBsAG4AcABzAHUAdwCEAI4BIgEnAS8BMQQLBBAEGwQkBDIENgQ9BEYESwRYBFsEbQRwBHUAAAAAAAACAQAAAAAAAAAoAAAAAAAAAAAAAAAAAAAEdw==}}

@book{DoDAcqAcroTerms-2011,
	Abstract = {The Glossary: Defense Acquisition Acronyms and Terms, contains most acronyms, abbreviations, and terms commonly used in the systems acquisition process within the Department of Defense (DoD) and defense industries. It focuses on terms with generic DoD application but also includes some Service-unique terms. It has been extensively revised to reflect current acquisition initiatives and policy, and changes in the Planning, Programming, Budgeting and Execution (PPBE) process and the Joint Capabilities Integration and Development System (JCIDS).

Appendix A contains a listing of common abbreviations and acronyms. Appendix B contains definitions of terms used throughout the DoD acquisition community, including terms that have commonality between U.S. and allied acquisition programs.

While the Glossary identifies and highlights many terms, it is not all-inclusive, particularly regarding the military services, defense agencies and other organizationally unique terms. For those, the reader must turn to publications issued by those organizations. The Glossary contains some jargon and buzz-words, but does not attempt to be a ―Dictionary of Pentagon-ese.‖},
	Address = {Fort Belvoir, Virginia 22060-5565},
	Author = {{Defense Acquisition University Learning Capabilities Integration Center Center for Acquisition and Program Management}},
	Date-Added = {2013-03-19 18:53:43 +0000},
	Date-Modified = {2013-03-19 18:53:43 +0000},
	Keywords = {DoD acronyms; DoD glossary},
	Month = {July},
	Publisher = {{Defense Acquisition University Press}},
	Title = {Defense Acquisition Acronyms And Terms},
	Year = {2011},
	Bdsk-File-1 = {YnBsaXN0MDDUAQIDBAUGJCVYJHZlcnNpb25YJG9iamVjdHNZJGFyY2hpdmVyVCR0b3ASAAGGoKgHCBMUFRYaIVUkbnVsbNMJCgsMDRBWJGNsYXNzV05TLmtleXNaTlMub2JqZWN0c4AHog4PgAKAA6IREoAEgAVccmVsYXRpdmVQYXRoWWFsaWFzRGF0YV8Qxi4uLy4uLy4uL2JpYnRleC9iaWIvd2lhbWFuL1BhcGVycy9EZWZlbnNlIEFjcXVpc2l0aW9uIFVuaXZlcnNpdHkgTGVhcm5pbmcgQ2FwYWJpbGl0aWVzIEludGVncmF0aW9uIENlbnRlciBDZW50ZXIgZm9yIEFjcXVpc2l0aW9uIGFuZCBQcm9ncmFtIE1hbmFnZW1lbnQvMjAxMURlZmVuc2UgQWNxdWlzaXRpb24gQWNyb255bXMgQW5kIFRlcm1zLnBkZtIJFxgZV05TLmRhdGGABk8RAvgAAAAAAvgAAgAADE1hY2ludG9zaCBIRAAAAAAAAAAAAAAAAAAAAMbyHbxIKwAAALiVeh8yMDExRGVmZW5zZSBBY3F1aXNpdCM4NEVGRDQucGRmAAAAAAAAAAAAAAAAAAAAAAAAAAAAAAAAAAAAAAAAAAAAhO/Uy6pPrgAAAAAAAAAAAAMABgAACSAAAAAAAAAAAAAAAAAAAAAfRGVmZW5zZSBBY3F1aXNpdGlvbiBVbml2I0I4OTU3QQAAEAAIAADG8lX8AAAAEQAIAADLqofuAAAAAQAkALiVegCKzS8AtW4VAIrK5gC1bgkAtW4HAGi5cQBorIgAAJGfAAIAi01hY2ludG9zaCBIRDpVc2VyczoAdGVndG1leWU6AExpYnJhcnk6AHRleG1mOgBiaWJ0ZXg6AGJpYjoAd2lhbWFuOgBQYXBlcnM6AERlZmVuc2UgQWNxdWlzaXRpb24gVW5pdiNCODk1N0E6ADIwMTFEZWZlbnNlIEFjcXVpc2l0Izg0RUZENC5wZGYAAA4AXgAuADIAMAAxADEARABlAGYAZQBuAHMAZQAgAEEAYwBxAHUAaQBzAGkAdABpAG8AbgAgAEEAYwByAG8AbgB5AG0AcwAgAEEAbgBkACAAVABlAHIAbQBzAC4AcABkAGYADwAaAAwATQBhAGMAaQBuAHQAbwBzAGgAIABIAEQAEgDaVXNlcnMvdGVndG1leWUvTGlicmFyeS90ZXhtZi9iaWJ0ZXgvYmliL3dpYW1hbi9QYXBlcnMvRGVmZW5zZSBBY3F1aXNpdGlvbiBVbml2ZXJzaXR5IExlYXJuaW5nIENhcGFiaWxpdGllcyBJbnRlZ3JhdGlvbiBDZW50ZXIgQ2VudGVyIGZvciBBY3F1aXNpdGlvbiBhbmQgUHJvZ3JhbSBNYW5hZ2VtZW50LzIwMTFEZWZlbnNlIEFjcXVpc2l0aW9uIEFjcm9ueW1zIEFuZCBUZXJtcy5wZGYAEwABLwAAFQACAA///wAA0hscHR5aJGNsYXNzbmFtZVgkY2xhc3Nlc11OU011dGFibGVEYXRhox0fIFZOU0RhdGFYTlNPYmplY3TSGxwiI1xOU0RpY3Rpb25hcnmiIiBfEA9OU0tleWVkQXJjaGl2ZXLRJidUcm9vdIABAAgAEQAaACMALQAyADcAQABGAE0AVABcAGcAaQBsAG4AcABzAHUAdwCEAI4BVwFcAWQBZgRiBGcEcgR7BIkEjQSUBJ0EogSvBLIExATHBMwAAAAAAAACAQAAAAAAAAAoAAAAAAAAAAAAAAAAAAAEzg==}}

@techreport{edu.mit.AGuideToUnderstandingBatterySpecifications:2008,
	Author = {{MIT Electric Vehicle Team}},
	Date-Added = {2013-03-18 15:11:55 +0000},
	Date-Modified = {2013-03-20 18:58:25 +0000},
	Institution = {Massachusetts Institute of Technology},
	Keywords = {acronym, battery},
	Title = {A Guide to Understanding Battery Specifications},
	Year = {2008},
	Bdsk-File-1 = {YnBsaXN0MDDUAQIDBAUGJCVYJHZlcnNpb25YJG9iamVjdHNZJGFyY2hpdmVyVCR0b3ASAAGGoKgHCBMUFRYaIVUkbnVsbNMJCgsMDRBWJGNsYXNzV05TLmtleXNaTlMub2JqZWN0c4AHog4PgAKAA6IREoAEgAVccmVsYXRpdmVQYXRoWWFsaWFzRGF0YV8Qcy4uLy4uLy4uL2JpYnRleC9iaWIvd2lhbWFuL1BhcGVycy9NSVQgRWxlY3RyaWMgVmVoaWNsZSBUZWFtLzIwMDhBIEd1aWRlIHRvIFVuZGVyc3RhbmRpbmcgQmF0dGVyeSBTcGVjaWZpY2F0aW9ucy5wZGbSCRcYGVdOUy5kYXRhgAZPEQKsAAAAAAKsAAIAAAxNYWNpbnRvc2ggSEQAAAAAAAAAAAAAAAAAAADG8h28SCsAAAD3dt8fMjAwOEEgR3VpZGUgdG8gVW5kZXIjRjc3ODc1LnBkZgAAAAAAAAAAAAAAAAAAAAAAAAAAAAAAAAAAAAAAAAAAAPd4dc1vfukAAAAAAAAAAAADAAYAAAkgAAAAAAAAAAAAAAAAAAAAGU1JVCBFbGVjdHJpYyBWZWhpY2xlIFRlYW0AABAACAAAxvJV/AAAABEACAAAzW+3KQAAAAEAJAD3dt8Ais0vALVuFQCKyuYAtW4JALVuBwBouXEAaKyIAACRnwACAIVNYWNpbnRvc2ggSEQ6VXNlcnM6AHRlZ3RtZXllOgBMaWJyYXJ5OgB0ZXhtZjoAYmlidGV4OgBiaWI6AHdpYW1hbjoAUGFwZXJzOgBNSVQgRWxlY3RyaWMgVmVoaWNsZSBUZWFtOgAyMDA4QSBHdWlkZSB0byBVbmRlciNGNzc4NzUucGRmAAAOAHAANwAyADAAMAA4AEEAIABHAHUAaQBkAGUAIAB0AG8AIABVAG4AZABlAHIAcwB0AGEAbgBkAGkAbgBnACAAQgBhAHQAdABlAHIAeQAgAFMAcABlAGMAaQBmAGkAYwBhAHQAaQBvAG4AcwAuAHAAZABmAA8AGgAMAE0AYQBjAGkAbgB0AG8AcwBoACAASABEABIAh1VzZXJzL3RlZ3RtZXllL0xpYnJhcnkvdGV4bWYvYmlidGV4L2JpYi93aWFtYW4vUGFwZXJzL01JVCBFbGVjdHJpYyBWZWhpY2xlIFRlYW0vMjAwOEEgR3VpZGUgdG8gVW5kZXJzdGFuZGluZyBCYXR0ZXJ5IFNwZWNpZmljYXRpb25zLnBkZgAAEwABLwAAFQACAA///wAA0hscHR5aJGNsYXNzbmFtZVgkY2xhc3Nlc11OU011dGFibGVEYXRhox0fIFZOU0RhdGFYTlNPYmplY3TSGxwiI1xOU0RpY3Rpb25hcnmiIiBfEA9OU0tleWVkQXJjaGl2ZXLRJidUcm9vdIABAAgAEQAaACMALQAyADcAQABGAE0AVABcAGcAaQBsAG4AcABzAHUAdwCEAI4BBAEJAREBEwPDA8gD0wPcA+oD7gP1A/4EAwQQBBMEJQQoBC0AAAAAAAACAQAAAAAAAAAoAAAAAAAAAAAAAAAAAAAELw==}}
